<?xml version="1.0" encoding="UTF-8"?><collection><record><leader>04874ntm a2200553 a 4500</leader><controlfield tag="001">006833489</controlfield><controlfield tag="003">MiAaHDL</controlfield><controlfield tag="005">20190719000000.0</controlfield><controlfield tag="006">m        d        </controlfield><controlfield tag="007">cr bn ---auaua</controlfield><controlfield tag="008">090630s193u    xx            00| ||ara d</controlfield><datafield tag="035" ind1=" " ind2=" "><subfield code="a">(MiU)006833489</subfield></datafield><datafield tag="035" ind1=" " ind2=" "><subfield code="a">sdr-miu006833489</subfield></datafield><datafield tag="040" ind1=" " ind2=" "><subfield code="a">MiU</subfield><subfield code="c">MiU</subfield><subfield code="e">amremm</subfield></datafield><datafield tag="043" ind1=" " ind2=" "><subfield code="a">n-us-mi</subfield></datafield><datafield tag="245" ind1="0" ind2="0"><subfield code="6">880-03</subfield><subfield code="a">[Talkhīṣ al-Mabdaʼ wa-al-maʻād,</subfield><subfield code="f">193-?].</subfield></datafield><datafield tag="246" ind1="3" ind2="4"><subfield code="a">مبدأ والمعاد</subfield></datafield><datafield tag="246" ind1="3" ind2=" "><subfield code="a">Mabdaʼ wa-al-maʻād</subfield></datafield><datafield tag="246" ind1="3" ind2=" "><subfield code="i">Title from inscription on 'title page' (p.1):</subfield><subfield code="a">المبدأ والمعاد</subfield></datafield><datafield tag="260" ind1=" " ind2=" "><subfield code="c">[193-?].</subfield></datafield><datafield tag="300" ind1=" " ind2=" "><subfield code="a">48 leaves :</subfield><subfield code="b">paper ;</subfield><subfield code="c">168 x 120-135 mm. bound to 175 x 141 mm.</subfield></datafield><datafield tag="500" ind1=" " ind2=" "><subfield code="a">Shelfmark: Ann Arbor, University of Michigan, Special Collections Library, Isl. Ms. 980</subfield></datafield><datafield tag="500" ind1=" " ind2=" "><subfield code="a">Origin: Lacks dated scribal colophon ; likely copied in Egypt in the late 1930s and bound for James Heyworth-Dunne (d.1974).</subfield></datafield><datafield tag="500" ind1=" " ind2=" "><subfield code="a">Former shelfmark: Mich. Isl. Ms. temp. no. 129</subfield></datafield><datafield tag="500" ind1=" " ind2=" "><subfield code="a">Binding: Boards covered in black textured cloth ; pastedowns and flyleaves in wove paper printed with a geometric pattern (resembling a scale pattern) in olive green or dull gold ; cover gold-stamped with "المبدأ والمعاد" ; stab sewn in white thread, tightly bound (gatherings difficult to discern and second section perhaps simply composed of individual leaves rather than gatherings of bifolia), some leaves loose ; overall in fairly good condition.</subfield></datafield><datafield tag="500" ind1=" " ind2=" "><subfield code="a">Support: Machine wove paper of two different types, both sturdy, cream in color.</subfield></datafield><datafield tag="500" ind1=" " ind2=" "><subfield code="a">Decoration: Text executed almost entirely in red ink.</subfield></datafield><datafield tag="500" ind1=" " ind2=" "><subfield code="a">Script: Ruqʻah ; quick, compact hand in a thin line ; serifless and freely ligatured with effect of inclination to the left and of words descending to baseline, mainly closed counters, pointing somewhat careless and in strokes rather than distinct dots, final yāʼ usually unpointed.</subfield></datafield><datafield tag="500" ind1=" " ind2=" "><subfield code="a">Layout: Written in 9-11 lines per page.</subfield></datafield><datafield tag="500" ind1=" " ind2=" "><subfield code="a">Collation: Cathwords present ; pages between two main sections left blank (see pp.48-49) ; pagination in pencil, Western numerals, supplied during digitization.</subfield></datafield><datafield tag="500" ind1=" " ind2=" "><subfield code="a">Explicit: "وكما ان ذاته تعالى مبدأ ... للاشياء بنفس ذاته كذلك علمه فهو جل وعز علم بجميع الموجودات"</subfield></datafield><datafield tag="500" ind1=" " ind2=" "><subfield code="a">Incipit: "اللهم صل على نقطة مركز باء الدائرة الاولية وسر اسرار الالف القطبية ... مقدمة قال حجة الاسلام ابو محمد الغزالي ان لجناب الحق صدر وفي مقدمة الصدر مجال وميدان رحب وعلى اول الميدان عتبة ... لهذا كله وجب علينا قبل الشروع في الربوبيات تقديم مقدمة مشتملة على بيان الحقيقة الانسانية وما فيها من العوالم اجمالا فنقول حقيقة الانسان حقيقة جمعية وحدتها كوحدة العالم وحدة تأليفية ذات مراتب كثيرة من التجرد والتجسم والصفاء والكدورة والنور والظلم ..."</subfield></datafield><datafield tag="500" ind1=" " ind2=" "><subfield code="a">Title supplied by cataloguer.</subfield></datafield><datafield tag="500" ind1=" " ind2=" "><subfield code="a">Ms. codex.</subfield></datafield><datafield tag="510" ind1="4" ind2=" "><subfield code="a">Ṣadr al-Dīn Muḥammad ibn Ibrāhīm Shīrāzī. al-Mabdaʻ wa-al-maʻād. edited by Jalāl al-Dīn Āshtiyānī. [Tehran] : Anjuman-i Shāhanshāhī-i Falsafah-ʾi Īrān, 1976.</subfield></datafield><datafield tag="510" ind1="4" ind2=" "><subfield code="a">MacEoin, D. "Mullā Ṣadrā S̲H̲īrāzīṢadr al-Dīn Muḥammad b. Ibrāhīm Ḳawāmī S̲h̲īrāzī." In EI2,</subfield><subfield code="c">vol. VII, p.547, col. 2</subfield></datafield><datafield tag="510" ind1="4" ind2=" "><subfield code="a">Brockelmann, C. GAL,</subfield><subfield code="c">II 413 ; S II 588 ff.</subfield></datafield><datafield tag="520" ind1="8" ind2=" "><subfield code="a">Careful copy of what appears to be the opening sections of an abridgment of Mullā Ṣadrā Shīrāzī's (d.1641) al-Mabdaʼ wa-al-maʻād (compare Isl. Mss. 979 and 965).</subfield></datafield><datafield tag="538" ind1=" " ind2=" "><subfield code="a">Mode of access: Internet.</subfield></datafield><datafield tag="541" ind1=" " ind2=" "><subfield code="a">Acquired in the Fall of 1950.</subfield></datafield><datafield tag="546" ind1=" " ind2=" "><subfield code="a">Arabic.</subfield></datafield><datafield tag="561" ind1=" " ind2=" "><subfield code="a">On upper pastedown, label with ex libris of James Heyworth-Dunne (d.1974), stamped with inventory number, "Ex Libris | J. Heyworth-Dunne | D. Lit. (London) | No. 7924" ; UM Library inscription on p.3 "Dunning | Heyworth-Dunne | 6-13-51 | 71955" ; some marginal glosses.</subfield></datafield><datafield tag="650" ind1=" " ind2="0"><subfield code="a">Manuscripts, Arabic</subfield><subfield code="z">Michigan</subfield><subfield code="z">Ann Arbor.</subfield></datafield><datafield tag="650" ind1=" " ind2="0"><subfield code="a">Islamic philosophy</subfield><subfield code="v">Early works to 1800.</subfield></datafield><datafield tag="700" ind1="1" ind2=" "><subfield code="a">Heyworth-Dunne, J.</subfield><subfield code="q">(James),</subfield><subfield code="e">former owner.</subfield></datafield><datafield tag="700" ind1="1" ind2="2"><subfield code="6">880-01</subfield><subfield code="a">Ṣadr al-Dīn Shīrāzī, Muḥammad ibn Ibrāhīm,</subfield><subfield code="d">-1641.</subfield><subfield code="t">Mabdaʼ wa-al-maʻād.</subfield><subfield code="k">Abridgment.</subfield></datafield><datafield tag="773" ind1="0" ind2=" "><subfield code="a">Heyworth-Dunne Collection.</subfield></datafield><datafield tag="880" ind1="0" ind2="2"><subfield code="6">700-01/</subfield><subfield code="a">صدر الدين شيرازي، محمد بن ابراهيم.</subfield><subfield code="t">مبدأ والمعاد.</subfield><subfield code="k">تلخيص</subfield></datafield><datafield tag="880" ind1="0" ind2="0"><subfield code="6">245-03/</subfield><subfield code="a">[تلخيص كتاب المبدأ والمعاد</subfield><subfield code="f">193-م?].</subfield></datafield><datafield tag="CID" ind1=" " ind2=" "><subfield code="a">006833489</subfield></datafield><datafield tag="DAT" ind1="0" ind2=" "><subfield code="a">20190719102641.0</subfield><subfield code="b">20190719000000.0</subfield></datafield><datafield tag="DAT" ind1="1" ind2=" "><subfield code="a">20190719090653.0</subfield><subfield code="b">2019-07-19T16:12:12Z</subfield></datafield><datafield tag="DAT" ind1="2" ind2=" "><subfield code="a">2015-10-10T18:00:06Z</subfield></datafield><datafield tag="CAT" ind1=" " ind2=" "><subfield code="a">SDR-MIU</subfield><subfield code="d">EX LIBRIS - ALEPH</subfield><subfield code="l">prepare.pl-004-008</subfield></datafield><datafield tag="FMT" ind1=" " ind2=" "><subfield code="a">BK</subfield></datafield><datafield tag="HOL" ind1=" " ind2=" "><subfield code="0">sdr-miu006833489</subfield><subfield code="a">MiU</subfield><subfield code="b">SDR</subfield><subfield code="c">MIU</subfield><subfield code="p">mdp.39015079131614</subfield><subfield code="s">MIU</subfield><subfield code="1">006833489</subfield></datafield><datafield tag="974" ind1=" " ind2=" "><subfield code="b">MIU</subfield><subfield code="c">MIU</subfield><subfield code="d">20190719</subfield><subfield code="s">lit-dlps-dc</subfield><subfield code="u">mdp.39015079131614</subfield><subfield code="y">1939</subfield><subfield code="r">ic-world</subfield><subfield code="q">man</subfield></datafield></record></collection>